
@inproceedings{zhai_online_2013,
	title = {Online {Latent} {Dirichlet} {Allocation} with {Infinite} {Vocabulary}},
	url = {http://machinelearning.wustl.edu/mlpapers/papers/ICML2013_zhai13},
	urldate = {2015-09-09},
	author = {Zhai, Ke and Boyd-graber, Jordan L.},
	year = {2013},
	pages = {561--569},
	file = {Full Text PDF:/home/andreoli/.mozilla/firefox/default.c8x/zotero/storage/AZDRIHDX/Zhai and Boyd-graber - 2013 - Online Latent Dirichlet Allocation with Infinite V.pdf:application/pdf;Snapshot:/home/andreoli/.mozilla/firefox/default.c8x/zotero/storage/DS2BZG3A/ICML2013_zhai13.html:text/html}
}

@incollection{wallach_rethinking_2009,
	title = {Rethinking {LDA}: {Why} {Priors} {Matter}},
	shorttitle = {Rethinking {LDA}},
	url = {http://papers.nips.cc/paper/3854-rethinking-lda-why-priors-matter.pdf},
	urldate = {2015-09-07},
	booktitle = {Advances in {Neural} {Information} {Processing} {Systems} 22},
	publisher = {Curran Associates, Inc.},
	author = {Wallach, Hanna M. and Mimno, David M. and McCallum, Andrew},
	editor = {Bengio, Y. and Schuurmans, D. and Lafferty, J. D. and Williams, C. K. I. and Culotta, A.},
	year = {2009},
	pages = {1973--1981},
	file = {NIPS Full Text PDF:/home/andreoli/.mozilla/firefox/default.c8x/zotero/storage/WPIIWPIH/Wallach et al. - 2009 - Rethinking LDA Why Priors Matter.pdf:application/pdf;NIPS Snapshort:/home/andreoli/.mozilla/firefox/default.c8x/zotero/storage/3GJA2UJA/3854-rethinking-lda-why-priors-matter.html:text/html}
}

@inproceedings{wang_online_2011,
	title = {Online variational inference for the hierarchical {Dirichlet} process},
	url = {http://machinelearning.wustl.edu/mlpapers/paper_files/AISTATS2011_WangPB11.pdf},
	urldate = {2015-08-21},
	booktitle = {International conference on artificial intelligence and statistics},
	author = {Wang, Chong and Paisley, John W. and Blei, David M.},
	year = {2011},
	pages = {752--760},
	file = {AISTATS2011_WangPB11.pdf:/home/andreoli/.mozilla/firefox/default.c8x/zotero/storage/JJ9DUWEC/AISTATS2011_WangPB11.pdf:application/pdf}
}

@inproceedings{hughes_reliable_2015,
	title = {Reliable and {Scalable} {Variational} {Inference} for the {Hierarchical} {Dirichlet} {Process}},
	url = {http://static.cs.brown.edu/people/sudderth/papers/aistats15hdpMemoized.pdf},
	urldate = {2015-08-21},
	booktitle = {Proceedings of the {Eighteenth} {International} {Conference} on {Artificial} {Intelligence} and {Statistics}},
	author = {Hughes, Michael C. and Kim, Dae Il and Sudderth, Erik B.},
	year = {2015},
	pages = {370--378},
	file = {aistats15hdpMemoized.pdf:/home/andreoli/.mozilla/firefox/default.c8x/zotero/storage/MCSX4QP4/aistats15hdpMemoized.pdf:application/pdf}
}

@article{blei_correlated_2007,
	title = {A correlated topic model of {Science}},
	volume = {1},
	issn = {1932-6157},
	url = {http://projecteuclid.org/euclid.aoas/1183143727},
	doi = {10.1214/07-AOAS114},
	language = {en},
	number = {1},
	urldate = {2015-08-21},
	journal = {The Annals of Applied Statistics},
	author = {Blei, David M. and Lafferty, John D.},
	month = jun,
	year = {2007},
	pages = {17--35},
	file = {BleiLafferty2007.pdf:/home/andreoli/.mozilla/firefox/default.c8x/zotero/storage/RA6Q72SW/BleiLafferty2007.pdf:application/pdf}
}

@inproceedings{teh_indian_2009,
	title = {Indian buffet processes with power-law behavior},
	url = {http://papers.nips.cc/paper/3638-indian-buffet-processes-with-power-law-behavior},
	urldate = {2015-08-21},
	booktitle = {Advances in neural information processing systems},
	author = {Teh, Yee W. and Gorur, Dilan},
	year = {2009},
	pages = {1838--1846},
	file = {TehGor2009a.pdf:/home/andreoli/.mozilla/firefox/default.c8x/zotero/storage/RVS52AG6/TehGor2009a.pdf:application/pdf}
}

@inproceedings{asuncion_smoothing_2009,
	title = {On smoothing and inference for topic models},
	url = {http://dl.acm.org/citation.cfm?id=1795118},
	urldate = {2015-08-21},
	booktitle = {Proceedings of the {Twenty}-{Fifth} {Conference} on {Uncertainty} in {Artificial} {Intelligence}},
	publisher = {AUAI Press},
	author = {Asuncion, Arthur and Welling, Max and Smyth, Padhraic and Teh, Yee Whye},
	year = {2009},
	pages = {27--34},
	file = {UAI_09.pdf:/home/andreoli/.mozilla/firefox/default.c8x/zotero/storage/9KJCNI26/UAI_09.pdf:application/pdf}
}

@inproceedings{li_reducing_2014,
	title = {Reducing the sampling complexity of topic models},
	isbn = {978-1-4503-2956-9},
	url = {http://dl.acm.org/citation.cfm?doid=2623330.2623756},
	doi = {10.1145/2623330.2623756},
	language = {en},
	urldate = {2015-08-21},
	publisher = {ACM Press},
	author = {Li, Aaron Q. and Ahmed, Amr and Ravi, Sujith and Smola, Alexander J.},
	year = {2014},
	pages = {891--900},
	file = {fastlda-kdd2014.pdf:/home/andreoli/.mozilla/firefox/default.c8x/zotero/storage/KUR5MNRX/fastlda-kdd2014.pdf:application/pdf}
}

@inproceedings{chang_reading_2009,
	title = {Reading tea leaves: {How} humans interpret topic models},
	shorttitle = {Reading tea leaves},
	url = {http://machinelearning.wustl.edu/mlpapers/paper_files/NIPS2009_0125.pdf},
	urldate = {2015-08-21},
	booktitle = {Advances in neural information processing systems},
	author = {Chang, Jonathan and Gerrish, Sean and Wang, Chong and Boyd-Graber, Jordan L. and Blei, David M.},
	year = {2009},
	pages = {288--296},
	file = {3700-reading-tea-leaves-how-humans-interpret-topic-models.pdf:/home/andreoli/.mozilla/firefox/default.c8x/zotero/storage/BK8CDDM4/3700-reading-tea-leaves-how-humans-interpret-topic-models.pdf:application/pdf}
}

@inproceedings{teh_collapsed_2006,
	title = {A collapsed variational {Bayesian} inference algorithm for latent {Dirichlet} allocation},
	url = {http://machinelearning.wustl.edu/mlpapers/paper_files/NIPS2006_511.pdf},
	urldate = {2015-08-21},
	booktitle = {Advances in neural information processing systems},
	author = {Teh, Yee W. and Newman, David and Welling, Max},
	year = {2006},
	pages = {1353--1360},
	file = {3113-a-collapsed-variational-bayesian-inference-algorithm-for-latent-dirichlet-allocation.pdf:/home/andreoli/.mozilla/firefox/default.c8x/zotero/storage/NFJ7EWNE/3113-a-collapsed-variational-bayesian-inference-algorithm-for-latent-dirichlet-allocation.pdf:application/pdf}
}

@inproceedings{anandkumar_spectral_2012,
	title = {A spectral algorithm for latent dirichlet allocation},
	url = {http://papers.nips.cc/paper/4637-a-spectral-algorithm-for-latent-dirichlet-allocation},
	urldate = {2015-08-21},
	booktitle = {Advances in {Neural} {Information} {Processing} {Systems}},
	author = {Anandkumar, Anima and Liu, Yi-kai and Hsu, Daniel J. and Foster, Dean P. and Kakade, Sham M.},
	year = {2012},
	pages = {917--925},
	file = {NIPS2012_0441.pdf:/home/andreoli/.mozilla/firefox/default.c8x/zotero/storage/7GV6GU88/NIPS2012_0441.pdf:application/pdf}
}

@article{mimno_sparse_2012,
	title = {Sparse stochastic inference for latent {Dirichlet} allocation},
	url = {http://arxiv.org/abs/1206.6425},
	urldate = {2015-08-21},
	journal = {arXiv preprint arXiv:1206.6425},
	author = {Mimno, David and Hoffman, Matt and Blei, David},
	year = {2012},
	file = {1206.6425.pdf:/home/andreoli/.mozilla/firefox/default.c8x/zotero/storage/ICWEACC6/1206.6425.pdf:application/pdf}
}

@article{blei_latent_2003,
	title = {Latent dirichlet allocation},
	volume = {3},
	url = {http://dl.acm.org/citation.cfm?id=944937},
	urldate = {2015-08-21},
	journal = {the Journal of machine Learning research},
	author = {Blei, David M. and Ng, Andrew Y. and Jordan, Michael I.},
	year = {2003},
	pages = {993--1022},
	file = {BleiNgJordan03.pdf:/home/andreoli/.mozilla/firefox/default.c8x/zotero/storage/ER95PGA2/BleiNgJordan03.pdf:application/pdf}
}

@inproceedings{hoffman_online_2010,
	title = {Online learning for latent dirichlet allocation},
	url = {http://papers.nips.cc/paper/3902-online-learning-for-latent-dirichlet-allocation},
	urldate = {2015-08-21},
	booktitle = {advances in neural information processing systems},
	author = {Hoffman, Matthew and Bach, Francis R. and Blei, David M.},
	year = {2010},
	pages = {856--864},
	file = {HoffmanBleiBach2010b.pdf:/home/andreoli/.mozilla/firefox/default.c8x/zotero/storage/VUFSWPTQ/HoffmanBleiBach2010b.pdf:application/pdf}
}

@inproceedings{porteous_fast_2008,
	title = {Fast collapsed gibbs sampling for latent dirichlet allocation},
	url = {http://dl.acm.org/citation.cfm?id=1401960},
	urldate = {2015-08-21},
	booktitle = {Proceedings of the 14th {ACM} {SIGKDD} international conference on {Knowledge} discovery and data mining},
	publisher = {ACM},
	author = {Porteous, Ian and Newman, David and Ihler, Alexander and Asuncion, Arthur and Smyth, Padhraic and Welling, Max},
	year = {2008},
	pages = {569--577},
	file = {KDD_08.pdf:/home/andreoli/.mozilla/firefox/default.c8x/zotero/storage/6J3KHESD/KDD_08.pdf:application/pdf}
}